@book{gelman2006data,
  title={Data analysis using regression and multilevel/hierarchical models},
  author={Gelman, Andrew and Hill, Jennifer},
  year={2006},
  publisher={Cambridge university press}
}
@misc{StanGuide,
	author = {Stan Development Team},
	title = {{Stan Modeling Language Users Guide and Reference Manual}},
	urldate = {11/30/2022},
	year = {2022},
	note  = {\url{https://mc-stan.org/docs/2_18/stan-users-guide/multivariate-hierarchical-priors-section.html}, 
	Last accessed on 2022-11-30},
}

@article{Rizzo2021,
	title={Challenges in bridge health monitoring: a review},
	author={Rizzo, Piervincenzo and Enshaeian, Alireza},
	journal={Sensors},
	volume={21},
	number={13},
	pages={4336},
	year={2021},
	publisher={Multidisciplinary Digital Publishing Institute},
	doi = {10.3390/s21134336}
}
@misc{LKJ,
	author = {Caltech},
	title = {{Lewandowski-Kurowicka-Joe (LKJ) distribution}},
	urldate = {11/30/2022},
	year = {2022},
	note  = {\url{https://distribution-explorer.github.io/multivariate_continuous/lkj.html}, 
	Last accessed on 2022-11-30},
}
@misc{Gamma,
	author = {Wikipedia},
	title = {{Gamma distribution}},
	urldate = {11/30/2022},
	year = {2022},
	note  = {\url{https://en.wikipedia.org/wiki/Gamma_distribution}, 
	Last accessed on 2022-11-30},
}
@article{barnard2000modeling,
  title={Modeling covariance matrices in terms of standard deviations and correlations, with application to shrinkage},
  author={Barnard, John and McCulloch, Robert and Meng, Xiao-Li},
  journal={Statistica Sinica},
  pages={1281--1311},
  year={2000},
  publisher={JSTOR}
}
@article{martin2018empirically,
  title={Empirically-based modeling and mapping to consider the co-occurrence of ecological receptors and stressors},
  author={Martin, Roy W and Waits, Eric R and Nietch, Christopher T},
  journal={Science of The Total Environment},
  volume={613},
  pages={1228--1239},
  year={2018},
  publisher={Elsevier}
}
@article{moore2019user,
  title={User's guide for the National Hydrography Dataset plus (NHDPlus) High Resolution.},
  author={Moore, Richard B and McKay, Lucinda D and Rea, Alan H and Bondelid, Timothy R and Price, Curtis V and Dewald, Thomas G and Johnston, Craig M and others},
  journal={Open-File Report-US Geological Survey},
  number={2019-1096},
  year={2019},
  publisher={US Department of the Interior, US Geological Survey}
}
@book{barnthouse2007population,
  title={Population-level ecological risk assessment},
  author={Barnthouse, Lawrence W and Munns Jr, Wayne R and Sorensen, Mary T},
  year={2007},
  publisher={CRC Press}
}
@article{miltner2010method,
  title={A method and rationale for deriving nutrient criteria for small rivers and streams in Ohio},
  author={Miltner, Robert J},
  journal={Environmental management},
  volume={45},
  number={4},
  pages={842--855},
  year={2010},
  publisher={Springer}
}
@article{hill2016stream,
  title={The Stream-Catchment (StreamCat) Dataset: A database of watershed metrics for the conterminous United States},
  author={Hill, Ryan A and Weber, Marc H and Leibowitz, Scott G and Olsen, Anthony R and Thornbrugh, Darren J},
  journal={JAWRA Journal of the American Water Resources Association},
  volume={52},
  number={1},
  pages={120--128},
  year={2016},
  publisher={Wiley Online Library}
}


